@inbook{Aad_Castelluccia_2001,
  title = {{Differentiation mechanisms for IEEE 802.11}},
  isbn = {0-7803-7016-3},
  url = {http://dx.doi.org/10.1109/INFCOM.2001.916703},
  doi = {10.1109/INFCOM.2001.916703},
  booktitle = {Proceedings IEEE INFOCOM 2001. Conference on Computer Communications. Twentieth Annual Joint Conference of the IEEE Computer and Communications Society (Cat. No.01CH37213)},
  publisher = {Institute of Electrical and Electronics Engineers},
  author = {Aad, I. and Castelluccia, C.},
  year = {2001},
  pages = {209-218},
}
